<?xml version="1.0" encoding="UTF-8"?><record xmlns="http://www.loc.gov/MARC21/slim" xmlns:cinclude="http://apache.org/cocoon/include/1.0" xmlns:zs="http://www.loc.gov/zing/srw/">
  <leader>01006cz  a2200241n  4500</leader>
  <controlfield tag="001">n 2010024140</controlfield>
  <controlfield tag="003">DLC</controlfield>
  <controlfield tag="005">20130227074907.0</controlfield>
  <controlfield tag="008">100420n| azannaabn          |a aaa      </controlfield>
  <datafield tag="010" ind1=" " ind2=" ">
    <subfield code="a">n 2010024140</subfield>
  </datafield>
  <datafield tag="035" ind1=" " ind2=" ">
    <subfield code="a">(OCoLC)oca08469101</subfield>
  </datafield>
  <datafield tag="040" ind1=" " ind2=" ">
    <subfield code="a">DLC</subfield>
    <subfield code="b">eng</subfield>
    <subfield code="e">rda</subfield>
    <subfield code="c">DLC</subfield>
    <subfield code="d">DLC</subfield>
    <subfield code="d">ICrlF</subfield>
  </datafield>
  <datafield tag="100" ind1="1" ind2=" ">
    <subfield code="a">Moss, Susan</subfield>
    <subfield code="c">(Artist)</subfield>
  </datafield>
  <datafield tag="370" ind1=" " ind2=" ">
    <subfield code="f">Durango, Colo.</subfield>
  </datafield>
  <datafield tag="371" ind1=" " ind2=" ">
    <subfield code="m">moss_s@fortlewis.edu</subfield>
  </datafield>
  <datafield tag="372" ind1=" " ind2=" ">
    <subfield code="a">Fine arts</subfield>
  </datafield>
  <datafield tag="374" ind1=" " ind2=" ">
    <subfield code="a">Artist</subfield>
    <subfield code="a">Educator</subfield>
  </datafield>
  <datafield tag="375" ind1=" " ind2=" ">
    <subfield code="a">female</subfield>
  </datafield>
  <datafield tag="377" ind1=" " ind2=" ">
    <subfield code="a">eng</subfield>
  </datafield>
  <datafield tag="400" ind1="1" ind2=" ">
    <subfield code="w">nnea</subfield>
    <subfield code="a">Moss, Susan,</subfield>
    <subfield code="c">Professor</subfield>
  </datafield>
  <datafield tag="670" ind1=" " ind2=" ">
    <subfield code="a">Educating globally competent citizens, 2010:</subfield>
    <subfield code="b">ECIP t.p. (Susan Moss) data view (professor, Fort Lewis College)</subfield>
  </datafield>
  <datafield tag="670" ind1=" " ind2=" ">
    <subfield code="a">Fort Lewis College website, Apr. 20, 2010</subfield>
    <subfield code="b">(Susan Moss, professor, women's studies) Feb. 25, 2013 (Susan Moss earned her MFA at the University of Nebraska ; Chair, Professor of Art ; moss_s@fortlewis.edu)</subfield>
  </datafield>
  <datafield tag="670" ind1=" " ind2=" ">
    <subfield code="a">Amazon website, Feb. 25, 2013</subfield>
    <subfield code="b">(Susan Moss is a professor of art and womens studies at Fort Lewis College in Durango, Colorado)</subfield>
  </datafield>
</record>